<?xml version="1.0" encoding="UTF-8"?><collection xmlns="http://www.loc.gov/MARC21/slim"><record><leader>00511nam--2200193-u-4500</leader><controlfield tag="001">000056067</controlfield><controlfield tag="002">20161230</controlfield><controlfield tag="005">20161230201052</controlfield><controlfield tag="008">141208s1000------------r-----000-0-rus-d</controlfield><datafield ind1=" " ind2=" " tag="040"><subfield code="a">IFIN-HH</subfield></datafield><datafield ind1=" " ind2=" " tag="041"><subfield code="a">rus</subfield></datafield><datafield ind1=" " ind2=" " tag="080"><subfield code="a">523.98</subfield></datafield><datafield ind1="1" ind2=" " tag="100"><subfield code="a">Vitinskii, Iu.I</subfield></datafield><datafield ind1="1" ind2="0" tag="245"><subfield code="a">Statistika piatno-obrazovatelinoi deiatelinosti solnta</subfield><subfield code="c">Iu.i.vitinskii, m. kopetkii, g.v. kuklin</subfield></datafield><datafield ind1=" " ind2=" " tag="260"><subfield code="a">Moskva</subfield><subfield code="b">Nauka</subfield><subfield code="c">1986</subfield></datafield><datafield ind1=" " ind2=" " tag="300"><subfield code="a">295P</subfield></datafield><datafield ind1="1" ind2=" " tag="700"><subfield code="a">Kuklin, G.V</subfield></datafield><datafield ind1=" " ind2=" " tag="852"><subfield code="a">73975</subfield><subfield code="c">523</subfield></datafield><datafield ind1=" " ind2=" " tag="CAT"><subfield code="a">Sys</subfield><subfield code="c">20141208</subfield><subfield code="h">153105</subfield></datafield></record></collection>